@article{korus2013efficient,
  title={Efficient method for content reconstruction with self-embedding},
  author={Korus, Pawel and Dziech, Andrzej},
  journal={Image Processing, IEEE Transactions on},
  volume={22},
  number={3},
  pages={1134--1147},
  year={2013},
  publisher={IEEE}
}

@inproceedings{tian2003high,
  title={High capacity reversible data embedding and content authentication},
  author={Tian, Jun},
  booktitle={Acoustics, Speech, and Signal Processing, 2003. Proceedings.(ICASSP'03). 2003 IEEE International Conference on},
  volume={3},
  pages={III--517},
  year={2003},
  organization={IEEE}
}
